%YAML 1.1
%TAG !u! tag:unity3d.com,2011:
--- !u!244 &-7071021088108695751
AudioMixerEffectController:
  m_ObjectHideFlags: 3
  m_CorrespondingSourceObject: {fileID: 0}
  m_PrefabInstance: {fileID: 0}
  m_PrefabAsset: {fileID: 0}
  m_Name: 
  m_EffectID: 157eaef6804b2dd4a8036e734ab260c6
  m_EffectName: Attenuation
  m_MixLevel: cf6bf74dfc78f8d42b7f260eb9049912
  m_Parameters: []
  m_SendTarget: {fileID: 0}
  m_EnableWetMix: 0
  m_Bypass: 0
--- !u!243 &-6808978125709652451
AudioMixerGroupController:
  m_ObjectHideFlags: 0
  m_CorrespondingSourceObject: {fileID: 0}
  m_PrefabInstance: {fileID: 0}
  m_PrefabAsset: {fileID: 0}
  m_Name: Musica
  m_AudioMixer: {fileID: 24100000}
  m_GroupID: 2078287d995b01748b6bd9fc87bb617c
  m_Children: []
  m_Volume: 5f3d178b8cdf87a4f8ef32ed280d4ff9
  m_Pitch: 8e626ec27ae1f9c4a9ac91b08a21d58f
  m_Send: 00000000000000000000000000000000
  m_Effects:
  - {fileID: 6625708044440019262}
  m_UserColorIndex: 0
  m_Mute: 0
  m_Solo: 0
  m_BypassEffects: 0
--- !u!243 &-2301343059633753684
AudioMixerGroupController:
  m_ObjectHideFlags: 0
  m_CorrespondingSourceObject: {fileID: 0}
  m_PrefabInstance: {fileID: 0}
  m_PrefabAsset: {fileID: 0}
  m_Name: Sonidos
  m_AudioMixer: {fileID: 24100000}
  m_GroupID: 2450a98ec56964c40a43e34c0502a2bc
  m_Children: []
  m_Volume: 23856b69e0f2cfc4699f654e8cd776ec
  m_Pitch: 7ef2f2bb4e2b5d14489e5df38c5a0830
  m_Send: 00000000000000000000000000000000
  m_Effects:
  - {fileID: -7071021088108695751}
  m_UserColorIndex: 0
  m_Mute: 0
  m_Solo: 0
  m_BypassEffects: 0
--- !u!241 &24100000
AudioMixerController:
  m_ObjectHideFlags: 0
  m_CorrespondingSourceObject: {fileID: 0}
  m_PrefabInstance: {fileID: 0}
  m_PrefabAsset: {fileID: 0}
  m_Name: MixerMain
  m_OutputGroup: {fileID: 0}
  m_MasterGroup: {fileID: 24300002}
  m_Snapshots:
  - {fileID: 24500006}
  m_StartSnapshot: {fileID: 24500006}
  m_SuspendThreshold: -80
  m_EnableSuspend: 1
  m_UpdateMode: 0
  m_ExposedParameters:
  - guid: 5f3d178b8cdf87a4f8ef32ed280d4ff9
    name: Music
  - guid: 23856b69e0f2cfc4699f654e8cd776ec
    name: Sounds
  m_AudioMixerGroupViews:
  - guids:
    - 906a2f237b6dca04ba0e7454139ba122
    - 2078287d995b01748b6bd9fc87bb617c
    - 2450a98ec56964c40a43e34c0502a2bc
    name: View
  m_CurrentViewIndex: 0
  m_TargetSnapshot: {fileID: 24500006}
--- !u!243 &24300002
AudioMixerGroupController:
  m_ObjectHideFlags: 0
  m_CorrespondingSourceObject: {fileID: 0}
  m_PrefabInstance: {fileID: 0}
  m_PrefabAsset: {fileID: 0}
  m_Name: Master
  m_AudioMixer: {fileID: 24100000}
  m_GroupID: 906a2f237b6dca04ba0e7454139ba122
  m_Children:
  - {fileID: -6808978125709652451}
  - {fileID: -2301343059633753684}
  m_Volume: 32570728eeab13d4d85c8398b1654445
  m_Pitch: 394e7cd729324844a832919af3090f13
  m_Send: 00000000000000000000000000000000
  m_Effects:
  - {fileID: 24400004}
  m_UserColorIndex: 0
  m_Mute: 0
  m_Solo: 0
  m_BypassEffects: 0
--- !u!244 &24400004
AudioMixerEffectController:
  m_ObjectHideFlags: 3
  m_CorrespondingSourceObject: {fileID: 0}
  m_PrefabInstance: {fileID: 0}
  m_PrefabAsset: {fileID: 0}
  m_Name: 
  m_EffectID: 3797bb456f75940419d4e105363437d6
  m_EffectName: Attenuation
  m_MixLevel: f4de6f7753a9d7e42a4b2db5cabdc1a8
  m_Parameters: []
  m_SendTarget: {fileID: 0}
  m_EnableWetMix: 0
  m_Bypass: 0
--- !u!245 &24500006
AudioMixerSnapshotController:
  m_ObjectHideFlags: 0
  m_CorrespondingSourceObject: {fileID: 0}
  m_PrefabInstance: {fileID: 0}
  m_PrefabAsset: {fileID: 0}
  m_Name: Snapshot
  m_AudioMixer: {fileID: 24100000}
  m_SnapshotID: 44db56c2eeb08dd4eafe49cd2d4df48b
  m_FloatValues: {}
  m_TransitionOverrides: {}
--- !u!244 &6625708044440019262
AudioMixerEffectController:
  m_ObjectHideFlags: 3
  m_CorrespondingSourceObject: {fileID: 0}
  m_PrefabInstance: {fileID: 0}
  m_PrefabAsset: {fileID: 0}
  m_Name: 
  m_EffectID: 20d8db0a2abd3234796a4d81d8fd05d1
  m_EffectName: Attenuation
  m_MixLevel: a5f7d21c1c1cbb64680d5d170528c953
  m_Parameters: []
  m_SendTarget: {fileID: 0}
  m_EnableWetMix: 0
  m_Bypass: 0
